<record xmlns="http://www.loc.gov/MARC21/slim" xmlns:xsi="http://www.w3.org/2001/XMLSchema-instance" xsi:schemaLocation="http://www.loc.gov/MARC21/slim http://www.loc.gov/standards/marcxml/schema/MARC21slim.xsd"><leader>04127nam a2200637   4500</leader><controlfield tag="001">001977452</controlfield><controlfield tag="003">NNU</controlfield><controlfield tag="006">m        d        </controlfield><controlfield tag="007">cr cn |||m|||a</controlfield><controlfield tag="008">150223s1973    ir      ob    000 0 ara</controlfield><datafield ind1=" " ind2=" " tag="040"><subfield code="a">NNU</subfield><subfield code="b">eng</subfield><subfield code="e">rda</subfield><subfield code="c">NNU</subfield></datafield><datafield ind1="0" ind2=" " tag="041"><subfield code="a">per</subfield><subfield code="a">ara</subfield></datafield><datafield ind1=" " ind2="4" tag="050"><subfield code="a">B753</subfield><subfield code="b">.M8 1973</subfield></datafield><datafield ind1="1" ind2=" " tag="100"><subfield code="6">880-01</subfield><subfield code="a">S&#803;adr al-Di&#772;n Shi&#772;ra&#772;zi&#772;, Muh&#803;ammad ibn Ibra&#772;hi&#772;m,</subfield><subfield code="d">-1641.</subfield></datafield><datafield ind1="1" ind2="0" tag="245"><subfield code="6">880-02</subfield><subfield code="a">Sih risa&#772;lah /</subfield><subfield code="c">az Muh&#803;ammad ibn Ibra&#772;hi&#772;m S&#803;adr al-Di&#772;n al-Shi&#772;ra&#772;zi&#772; ; ba&#772; ta&#699;li&#772;q va tas&#803;h&#803;i&#772;h&#772;&#803; va muqaddimah-'i Jala&#772;l al-Di&#772;n A&#772;shtiya&#772;ni&#772;.</subfield></datafield><datafield ind1="3" ind2=" " tag="246"><subfield code="6">880-03</subfield><subfield code="a">Rasa&#772;'il-i falsafi&#772;</subfield></datafield><datafield ind1=" " ind2=" " tag="260"><subfield code="6">880-04</subfield><subfield code="a">Mashhad :</subfield><subfield code="b">Cha&#772;p&#697;kha&#772;nah-'i Da&#772;nishga&#772;h-i Mashhad,</subfield><subfield code="c">1973.</subfield></datafield><datafield ind1=" " ind2=" " tag="300"><subfield code="a">online resource (217, 198, [16] pages)</subfield></datafield><datafield ind1=" " ind2=" " tag="336"><subfield code="a">text</subfield><subfield code="2">rdacontent</subfield></datafield><datafield ind1=" " ind2=" " tag="337"><subfield code="a">computer</subfield><subfield code="2">rdamedia</subfield></datafield><datafield ind1=" " ind2=" " tag="338"><subfield code="a">online resource</subfield><subfield code="2">rdacarrier</subfield></datafield><datafield ind1="1" ind2=" " tag="490"><subfield code="6">880-05</subfield><subfield code="a">Intisha&#772;ra&#772;t-i Da&#772;nishkadah-'i Ila&#772;hiya&#772;t va Ma&#699;a&#772;rif-i Isla&#772;mi&#772;-yi Mashhad ;</subfield><subfield code="v">5</subfield></datafield><datafield ind1=" " ind2=" " tag="500"><subfield code="a">Added t.p.: Three treatises.</subfield></datafield><datafield ind1=" " ind2=" " tag="500"><subfield code="a">Cover title: Rasa&#772;'il-i falsafi&#772;.</subfield></datafield><datafield ind1=" " ind2=" " tag="500"><subfield code="a">Texts in Arabic; introd. and notes in Persian; a pref. in English.</subfield></datafield><datafield ind1=" " ind2=" " tag="500"><subfield code="a">Part of the Arabic Collections Online (ACO) project, contributed by New York Univeristy Libraries.</subfield></datafield><datafield ind1=" " ind2=" " tag="504"><subfield code="a">Includes bibliographical references.</subfield></datafield><datafield ind1="0" ind2=" " tag="505"><subfield code="a">al-Masa&#772;'il al-qudsi&#772;yah.--Mutasha&#772;biha&#772;t al-Qur'a&#772;n.--Ajwibat al-masa&#772;'il.</subfield></datafield><datafield ind1=" " ind2=" " tag="533"><subfield code="a">Electronic reproduction.</subfield><subfield code="b">New York, N.Y. :</subfield><subfield code="c">New York University,</subfield><subfield code="d">2015.</subfield><subfield code="5">NNU</subfield></datafield><datafield ind1=" " ind2="0" tag="650"><subfield code="a">Islamic philosophy</subfield><subfield code="v">Early works to 1800.</subfield></datafield><datafield ind1="1" ind2="0" tag="600"><subfield code="6">880-06</subfield><subfield code="a">S&#803;adr al-Di&#772;n Shi&#772;ra&#772;zi&#772;, Muh&#803;ammad ibn Ibra&#772;hi&#772;m,</subfield><subfield code="d">-1641.</subfield></datafield><datafield ind1="0" ind2="0" tag="630"><subfield code="a">Qur&#700;an</subfield><subfield code="x">Criticism, interpretation, etc.</subfield></datafield><datafield ind1="1" ind2="7" tag="600"><subfield code="a">S&#803;adr al-Di&#772;n Shi&#772;ra&#772;zi&#772;, Muh&#803;ammad ibn Ibra&#772;hi&#772;m,</subfield><subfield code="d">-1641.</subfield><subfield code="2">fast</subfield><subfield code="0">(OCoLC)fst01845304</subfield></datafield><datafield ind1="0" ind2="7" tag="630"><subfield code="a">Qur&#700;an.</subfield><subfield code="2">fast</subfield><subfield code="0">(OCoLC)fst01842877</subfield></datafield><datafield ind1=" " ind2="7" tag="650"><subfield code="a">Islamic philosophy.</subfield><subfield code="2">fast</subfield><subfield code="0">(OCoLC)fst01730358</subfield></datafield><datafield ind1=" " ind2="7" tag="655"><subfield code="a">Criticism, interpretation, etc.</subfield><subfield code="2">fast</subfield><subfield code="0">(OCoLC)fst01411635</subfield></datafield><datafield ind1=" " ind2="7" tag="655"><subfield code="a">Early works.</subfield><subfield code="2">fast</subfield><subfield code="0">(OCoLC)fst01411636</subfield></datafield><datafield ind1="1" ind2=" " tag="700"><subfield code="6">880-07</subfield><subfield code="a">&#256;shtiy&#257;n&#299;, Jal&#257;l al-D&#299;n</subfield></datafield><datafield ind1="2" ind2=" " tag="710"><subfield code="a">New York University.</subfield><subfield code="b">Libraries.</subfield></datafield><datafield ind1="0" ind2=" " tag="730"><subfield code="a">Arabic Collections Online.</subfield></datafield><datafield ind1="0" ind2="8" tag="776"><subfield code="i">Online version:</subfield><subfield code="a">S&#803;adr al-Di&#772;n Shi&#772;ra&#772;zi&#772;, Muh&#803;ammad ibn Ibra&#772;hi&#772;m, -1641.</subfield><subfield code="t">Sih risa&#772;lah.</subfield><subfield code="d">Mashhad : Cha&#772;p&#697;kha&#772;nah-'i Da&#772;nishga&#772;h-i Mashhad, 1973</subfield><subfield code="w">(OCoLC)551393002</subfield></datafield><datafield ind1="0" ind2="8" tag="776"><subfield code="i">Online version:</subfield><subfield code="a">S&#803;adr al-Di&#772;n Shi&#772;ra&#772;zi&#772;, Muh&#803;ammad ibn Ibra&#772;hi&#772;m, -1641.</subfield><subfield code="t">Sih risa&#772;lah.</subfield><subfield code="d">Mashhad : Cha&#772;p&#697;kha&#772;nah-'i Da&#772;nishga&#772;h-i Mashhad, 1973</subfield><subfield code="w">(OCoLC)607647282</subfield></datafield><datafield ind1="0" ind2="8" tag="776"><subfield code="i">Print version:</subfield><subfield code="a">S&#803;adr al-Di&#772;n Shi&#772;ra&#772;zi&#772;, Muh&#803;ammad ibn Ibra&#772;hi&#772;m, -1641.</subfield><subfield code="t">Sih risa&#772;lah</subfield><subfield code="w">(NNU)001977452</subfield><subfield code="w">(DLC)   79354161</subfield></datafield><datafield ind1="4" ind2="0" tag="856"><subfield code="u">http://hdl.handle.net/2333.1/z34tmrvk</subfield></datafield><datafield ind1="1" ind2=" " tag="880"><subfield code="6">100-01/</subfield><subfield code="a">&#1589;&#1583;&#1585; &#1575;&#1604;&#1583;&#1610;&#1606; &#1575;&#1604;&#1588;&#1610;&#1585;&#1575;&#1586;&#1610;&#1548; &#1605;&#1581;&#1605;&#1583; &#1575;&#1576;&#1606; &#1573;&#1576;&#1585;&#1575;&#1607;&#1610;&#1605;.</subfield></datafield><datafield ind1="1" ind2="2" tag="880"><subfield code="6">245-02/</subfield><subfield code="a">&#1575;&#1604;&#1605;&#1587;&#1575;&#1574;&#1604; &#1575;&#1604;&#1602;&#1583;&#1587;&#1610;&#1577; &#1605;&#1578;&#1588;&#1575;&#1576;&#1607;&#1575;&#1578; &#1575;&#1604;&#1602;&#1585;&#1575;&#1606; &#1575;&#1580;&#1608;&#1576;&#1577; &#1575;&#1604;&#1605;&#1587;&#1575;&#1574;&#1604; :</subfield><subfield code="b">&#1587;&#1607; &#1585;&#1587;&#1575;&#1604;&#1607; /</subfield><subfield code="c">&#1575;&#1586; &#1605;&#1581;&#1605;&#1583;&#1576;&#1606; &#1575;&#1576;&#1585;&#1575;&#1607;&#1610;&#1605; &#1589;&#1583;&#1585; &#1575;&#1604;&#1583;&#1610;&#1606; &#1575;&#1604;&#1588;&#1610;&#1585;&#1575;&#1586;&#1609; &#1563; &#1576;&#1575; &#1578;&#1593;&#1604;&#1610;&#1602; &#1608; &#1578;&#1589;&#1581;&#1610;&#1581; &#1608; &#1605;&#1602;&#1583;&#1605;&#1607; &#1580;&#1604;&#1575;&#1604; &#1575;&#1604;&#1583;&#1610;&#1606; &#1570;&#1588;&#1578;&#1610;&#1575;&#1606;&#1609;.</subfield></datafield><datafield ind1="3" ind2=" " tag="880"><subfield code="6">246-03/</subfield><subfield code="a">&#1585;&#1587;&#1575;&#1574;&#1604; &#1601;&#1604;&#1587;&#1601;&#1609;</subfield></datafield><datafield ind1=" " ind2=" " tag="880"><subfield code="6">260-04/</subfield><subfield code="a">&#1605;&#1588;&#1607;&#1583; :</subfield><subfield code="b">&#1580;&#1575;&#1662;&#1582;&#1575;&#1606;&#1607; &#1583;&#1575;&#1606;&#1588;&#1575;&#1607; &#1605;&#1588;&#1607;&#1583;&#1548;</subfield><subfield code="c">&#1633;&#1635;&#1637;&#1634;.</subfield></datafield><datafield ind1="1" ind2=" " tag="880"><subfield code="6">490-05/</subfield><subfield code="a">&#1575;&#1606;&#1578;&#1588;&#1575;&#1585;&#1575;&#1578; &#1583;&#1575;&#1606;&#1588;&#1603;&#1583;&#1728; &#1575;&#1604;&#1607;&#1610;&#1575;&#1578; &#1608; &#1605;&#1593;&#1575;&#1585;&#1601; &#1575;&#1587;&#1604;&#1575;&#1605;&#1609; &#1605;&#1588;&#1607;&#1583; &#1563;</subfield><subfield code="v">&#1588;&#1605;&#1575;&#1585;&#1607; &#1637;</subfield></datafield><datafield ind1="1" ind2="4" tag="880"><subfield code="6">600-06/</subfield><subfield code="a">&#1605;&#1604;&#1575;&#1617; &#1589;&#1583;&#1585;&#1575;&#1548; &#1605;&#1581;&#1605;&#1583; &#1575;&#1576;&#1585;&#1575;&#1607;&#1610;&#1605;.</subfield></datafield><datafield ind1="1" ind2=" " tag="880"><subfield code="6">700-07/</subfield><subfield code="a">&#1570;&#1588;&#1578;&#1610;&#1575;&#1606;&#1609;&#1548; &#1580;&#1604;&#1575;&#1604; &#1575;&#1604;&#1583;&#1610;&#1606;.</subfield></datafield><datafield ind1="1" ind2=" " tag="810"><subfield code="a">Mashhad (Iran).</subfield><subfield code="b">Da&#772;nishga&#772;h.</subfield><subfield code="b">Da&#772;nishkadah-'i Ila&#772;hi&#772;ya&#772;t va Ma&#699;a&#772;rif-i Isla&#772;mi&#772;-i Mashhad.</subfield><subfield code="t">Intisha&#772;ra&#772;t-i Da&#772;nishkadah-'i Ila&#772;hi&#772;ya&#772;t va Ma&#699;a&#772;rif-i Isla&#772;mi&#772;-i Mashhad ;</subfield><subfield code="v">5.</subfield></datafield><datafield ind1=" " ind2="0" tag="830"><subfield code="6">880-08</subfield><subfield code="a">Intisha&#772;ra&#772;t-i Da&#772;nishkadah-'i Ila&#772;hiya&#772;t va Ma&#699;a&#772;rif-i Isla&#772;mi&#772;-yi Mashhad ;</subfield><subfield code="v">5.</subfield></datafield><datafield ind1=" " ind2="0" tag="880"><subfield code="6">830-08/</subfield><subfield code="a">&#1575;&#1606;&#1578;&#1588;&#1575;&#1585;&#1575;&#1578; &#1583;&#1575;&#1606;&#1588;&#1603;&#1583;&#1728; &#1575;&#1604;&#1607;&#1610;&#1575;&#1578; &#1608; &#1605;&#1593;&#1575;&#1585;&#1601; &#1575;&#1587;&#1604;&#1575;&#1605;&#1609; &#1605;&#1588;&#1607;&#1583; &#1563;</subfield><subfield code="v">&#1588;&#1605;&#1575;&#1585;&#1607; &#1637;.</subfield></datafield><datafield ind1=" " ind2=" " tag="959"><subfield code="a">NNU</subfield><subfield code="b">WEB</subfield><subfield code="c">GENI</subfield><subfield code="t">0</subfield><subfield code="m">Electronic access</subfield><subfield code="s">01</subfield></datafield><datafield ind1=" " ind2=" " tag="999"><subfield code="i">NNU_001977452</subfield><subfield code="s">nyu_aco000420</subfield><subfield code="e">(ERROR-880)</subfield></datafield></record>